@article{momin2019stock,
  title={Stock Market Prediction System using Machine Learning Approach},
  author={Momin, Faisal and Patel, Sunny and Shide, Kuldeep and Taskar, Prof. A. C.},
  journal={},
  year={2019},
  note={October 2019},
}
@article{orus2019quantum,
  title={Quantum computing for finance: Overview and prospects},
  author={Or{\'u}s, Rom{\'a}n and Mugel, Samuel and Lizaso, Enrique},
  journal={Reviews in Physics},
  volume={4},
  pages={100028},
  year={2019},
  publisher={Elsevier}
}
@article{bollen2011twitter,
  author    = {Johan Bollen and Huina Mao and Xiaojun Zeng},
  title     = {Twitter mood predicts the stock market},
  journal   = {Journal of Computational Science},
  volume    = {2},
  number    = {1},
  pages     = {1-8},
  year      = {2011},
  doi       = {10.1016/j.jocs.2010.12.007},
}

@article{ticknor2013bayesian,
  title={A Bayesian Regularized Artificial Neural Network for Stock Market Forecasting},
  author={Ticknor, Jonathan L.},
  journal={},
  volume={40},
  number={14},
  year={2013},
  note={15 October 2013},
}
@incollection{mohammed2020challenges,
  title={Challenges of Stock Prediction},
  author={Mohammed, Walid A},
  booktitle={Valuation Challenges and Solutions in Contemporary Businesses},
  pages={234--252},
  year={2020},
  publisher={IGI Global}
}

@article{mandelbrot1963variation,
  title={The Variation of Certain Speculative Prices},
  author={Mandelbrot, Benoit},
  journal={Journal of Business},
  volume={36},
  number={4},
  pages={394--419},
  year={1963},
}

@article{CHEN2023106038,
title = {Machine learning techniques for stock price prediction and graphic signal recognition},
journal = {Engineering Applications of Artificial Intelligence},
volume = {121},
pages = {106038},
year = {2023},
issn = {0952-1976},
doi = {https://doi.org/10.1016/j.engappai.2023.106038},
url = {https://www.sciencedirect.com/science/article/pii/S0952197623002221},
author = {Junde Chen and Yuxin Wen and Y.A. Nanehkaran and M.D. Suzauddola and Weirong Chen and Defu Zhang},
keywords = {Stock price, Time series, VAR-based rolling prediction, GFNN, Graphic signal identification},

}
@article{lu2021cnn-bilstm-am,
  author    = {Wenqing Lu and Jing Li and Jing Wang and et al.},
  title     = {A CNN-BiLSTM-AM Method for Stock Price Prediction},
  journal   = {Neural Computing \& Applications},
  volume    = {33},
  pages     = {4741-4753},
  year      = {2021},
  doi       = {10.1007/s00521-020-05532-z},
  url       = {https://doi.org/10.1007/s00521-020-05532-z},
  keywords  = {CNN, BiLSTM, AM, Stock price prediction},
  received  = {29 August 2020},
  accepted  = {11 November 2020},
  published = {24 November 2020},
  issue_date = {May 2021},
}
@INPROCEEDINGS{6149155,
  author={Hagenau, Michael and Liebmann, Michael and Hedwig, Markus and Neumann, Dirk},
  booktitle={2012 45th Hawaii International Conference on System Sciences}, 
  title={Automated News Reading: Stock Price Prediction Based on Financial News Using Context-Specific Features}, 
  year={2012},
  volume={},
  number={},
  pages={1040-1049},
  doi={10.1109/HICSS.2012.129}}


@article{BENIWAL2023110566,
title = {Forecasting long-term stock prices of global indices: A forward-validating Genetic Algorithm optimization approach for Support Vector Regression},
journal = {Applied Soft Computing},
volume = {145},
pages = {110566},
year = {2023},
issn = {1568-4946},
doi = {https://doi.org/10.1016/j.asoc.2023.110566},
url = {https://www.sciencedirect.com/science/article/pii/S1568494623005847},
author = {Mohit Beniwal and Archana Singh and Nand Kumar},


}

@article{ZHANG2021872,
title = {The application research of neural network and BP algorithm in stock price pattern classification and prediction},
journal = {Future Generation Computer Systems},
volume = {115},
pages = {872-879},
year = {2021},
issn = {0167-739X},
doi = {https://doi.org/10.1016/j.future.2020.10.009},
url = {https://www.sciencedirect.com/science/article/pii/S0167739X20329861},
author = {Dehua Zhang and Sha Lou},
keywords = {Neural network, BP algorithm, Stock price prediction, Stock price pattern classification},

}

@article{breiman2001random,
  title={Random forests},
  author={Breiman, Leo},
  journal={Machine learning},
  volume={45},
  number={1},
  pages={5--32},
  year={2001},
  publisher={Springer},
}

@article{POKHREL2022100385,
title = {Predicting NEPSE index price using deep learning models},
journal = {Machine Learning with Applications},
volume = {9},
pages = {100385},
year = {2022},
issn = {2666-8270},
doi = {https://doi.org/10.1016/j.mlwa.2022.100385},
url = {https://www.sciencedirect.com/science/article/pii/S2666827022000706},
author = {Nawa Raj Pokhrel and Keshab Raj Dahal and Ramchandra Rimal and Hum Nath Bhandari and Rajendra K.C. Khatri and Binod Rimal and William Edward Hahn},
}

@misc{chukul-nepse,
  title = {Chukul Nepse},
  author = {{Pi Tech Private Limited}},
  year = {},
  url= {\url{https://chukul.com/#/}},
  note = {All rights reserved.}
}

@misc{Nepal-share,
    title = {NEPAL SHARE},
    author = {{NEPSE}},
    year = {},
    url = {{https://www.nepalstock.com/}},
    note = {ALL rights reserved .}

}

@article{KLIOUTCHNIKOV2017368,
title = {Chaos Theory in Finance},
journal = {Procedia Computer Science},
volume = {119},
pages = {368-375},
year = {2017},
note = {6th International Young Scientist Conference on Computational Science, YSC 2017, 01-03 November 2017, Kotka, Finland},
issn = {1877-0509},
doi = {https://doi.org/10.1016/j.procs.2017.11.196},
url = {https://www.sciencedirect.com/science/article/pii/S1877050917324067},
author = {Igor Klioutchnikov and Mariia Sigova and Nikita Beizerov},

}

@Article{asi4010009,
AUTHOR = {Hu, Zexin and Zhao, Yiqi and Khushi, Matloob},
TITLE = {A Survey of Forex and Stock Price Prediction Using Deep Learning},
JOURNAL = {Applied System Innovation},
VOLUME = {4},
YEAR = {2021},
ARTICLE-NUMBER = {9},
URL = {https://www.mdpi.com/2571-5577/4/1/9},
ISSN = {2571-5577},
DOI = {10.3390/asi4010009}
}

@article{intellipaat-lstm,
  title = {What is LSTM? Introduction to Long Short Term Memory},
  author = {IIT JAAMU},
  year = {2023},
  url = {https://intellipaat.com/blog/what-is-lstm/}
}

@article{zhang2018stock,
  author    = {Guoqiang Zhang and Wei Xie and Yanhui Zhu},
  title     = {Stock Price Prediction with Time Lags Using a Hybrid Deep Learning Framework},
  journal   = {Applied Soft Computing},
  volume    = {70},
  pages     = {525-533},
  year      = {2018},
  doi       = {10.1016/j.asoc.2018.05.042},
  url = {https://www.sciencedirect.com/science/article/pii/S156849461830346X},
}

@article{boehm2007survey,
  title={A survey of agile development methodologies},
  author={Boehm, Barry},
  journal={Laurie Williams},
  volume={45},
  pages={119},
  year={2007},
  url = {https://www.researchgate.net/profile/Barry-Boehm/publication/220626009_A_Survey_of_Agile_Development_Methodologies/links/0fcfd50e6b7d9e0c6c000000/A-Survey-of-Agile-Development-Methodologies.pdf}
}

@article{olah2015understanding,
  title={Understanding lstm networks},
  author={Olah, Christopher},
  year={2015},
  url = {https://colah.github.io/posts/2015-08-Understanding-LSTMs/}
}

@misc{Saral-Lagani,
  title = {Saral Lagani},
  author = {{Saral Lagani}},
  year = {},
  url = {\url{https://sarallagani.com/}},
  note = {All rights reserved.}
}

% yahoo-finance ref 
@misc{yahoo-finance,
  title = {Yahoo Finance},
  author = {{Yahoo Finance}},
  year = {},
  url = {\url{https://finance.yahoo.com/}},
  note = {All rights reserved.}
}

%Python ref
@misc{python,
  title = {Python},
  author = {{Python}},
  year = {},
  url = {\url{https://www.python.org/}},
  note = {All rights reserved.}
}

